<?xml version="1.0" encoding="UTF-8"?><marc:collection xmlns:marc="http://www.loc.gov/MARC21/slim" xmlns:xsi="http://www.w3.org/2001/XMLSchema-instance" xsi:schemaLocation="http://www.loc.gov/MARC21/slim http://www.loc.gov/standards/marcxml/schema/MARC21slim.xsd"><marc:record>
        <marc:leader>03448ctm a2200493Ka 4500</marc:leader>
        <marc:controlfield tag="001">219288</marc:controlfield>
        <marc:controlfield tag="005">20210807113333.0</marc:controlfield>
        <marc:controlfield tag="008">080827s1450    enk           000 0 lat d</marc:controlfield>
        <marc:datafield tag="035" ind1=" " ind2=" ">
            <marc:subfield code="a">(OCoLC)ocn244484528</marc:subfield>
        </marc:datafield>
        <marc:datafield tag="040" ind1=" " ind2=" ">
            <marc:subfield code="a">DFo</marc:subfield>
            <marc:subfield code="b">eng</marc:subfield>
            <marc:subfield code="e">amremm</marc:subfield>
            <marc:subfield code="c">UXG</marc:subfield>
            <marc:subfield code="d">UXG</marc:subfield>
            <marc:subfield code="d">UtOrBLW</marc:subfield>
        </marc:datafield>
        <marc:datafield tag="130" ind1="0" ind2=" ">
            <marc:subfield code="a">Historia Apollonii Regis Tyri.</marc:subfield>
            <marc:subfield code="0">http://id.loc.gov/authorities/names/n82005890</marc:subfield>
        </marc:datafield>
        <marc:datafield tag="245" ind1="1" ind2="0">
            <marc:subfield code="a">Gesta inclita Tyrii Appollonii regis</marc:subfield>
            <marc:subfield code="h">[manuscript],</marc:subfield>
            <marc:subfield code="f">ca. 1450.</marc:subfield>
        </marc:datafield>
        <marc:datafield tag="246" ind1="3" ind2="8">
            <marc:subfield code="a">Apollonius of Tyre</marc:subfield>
        </marc:datafield>
        <marc:datafield tag="300" ind1=" " ind2=" ">
            <marc:subfield code="a">20 leaves :</marc:subfield>
            <marc:subfield code="b">205 x 140 mm</marc:subfield>
        </marc:datafield>
        <marc:datafield tag="336" ind1=" " ind2=" ">
            <marc:subfield code="a">text</marc:subfield>
            <marc:subfield code="b">txt</marc:subfield>
            <marc:subfield code="2">rdacontent</marc:subfield>
        </marc:datafield>
        <marc:datafield tag="337" ind1=" " ind2=" ">
            <marc:subfield code="a">unmediated</marc:subfield>
            <marc:subfield code="b">n</marc:subfield>
            <marc:subfield code="2">rdamedia</marc:subfield>
        </marc:datafield>
        <marc:datafield tag="340" ind1=" " ind2=" ">
            <marc:subfield code="a">Manuscript on paper (fairly early German paper, produced perhaps ca. 1400).</marc:subfield>
        </marc:datafield>
        <marc:datafield tag="500" ind1=" " ind2=" ">
            <marc:subfield code="a">Manuscript codex.</marc:subfield>
        </marc:datafield>
        <marc:datafield tag="546" ind1=" " ind2=" ">
            <marc:subfield code="a">In Latin.</marc:subfield>
        </marc:datafield>
        <marc:datafield tag="520" ind1="2" ind2=" ">
            <marc:subfield code="a">Contains a romantic, post-classical tale about Appollonius of Tyre, who travels to Antioch to seek the hand of the King's daughter.</marc:subfield>
        </marc:datafield>
        <marc:datafield tag="500" ind1=" " ind2=" ">
            <marc:subfield code="a">Title from opening rubric (leaf 1r).</marc:subfield>
        </marc:datafield>
        <marc:datafield tag="505" ind1="0" ind2=" ">
            <marc:subfield code="a">Leaves 1r-16v: "[rubr.] Gesta inclita Tyrii Appollonii regis. [text] [R]ex Antiocus a quo Antiocia ciuitas nomen acceperat ex amissa coniuge habuit filiam uirginem ... et quiete feliceque uita uixit omnibus diebus regni sui." (Historia Apollonii Regis Tyri / edited by G. Schmeling. Leipzig: Teubner, 1988, p. 84-136).</marc:subfield>
        </marc:datafield>
        <marc:datafield tag="500" ind1=" " ind2=" ">
            <marc:subfield code="a">Collation: Leaves ii + 20 + ii; 1¹² 2⁸; no catchwords.</marc:subfield>
        </marc:datafield>
        <marc:datafield tag="500" ind1=" " ind2=" ">
            <marc:subfield code="a">Layout: Written in 27 long lines (dimensions of written space: 140 x 85 mm.); below first line; fully ruled in lead, possible mechanical device used.</marc:subfield>
        </marc:datafield>
        <marc:datafield tag="500" ind1=" " ind2=" ">
            <marc:subfield code="a">Script: Written in a rapid English Cursive hand.</marc:subfield>
        </marc:datafield>
        <marc:datafield tag="500" ind1=" " ind2=" ">
            <marc:subfield code="a">Decoration: None.</marc:subfield>
        </marc:datafield>
        <marc:datafield tag="563" ind1=" " ind2=" ">
            <marc:subfield code="a">Bound in 19th-century brown half morocco and half marbled paper boards.</marc:subfield>
        </marc:datafield>
        <marc:datafield tag="500" ind1=" " ind2=" ">
            <marc:subfield code="a">Origin: England, perhaps early 15th century.</marc:subfield>
        </marc:datafield>
        <marc:datafield tag="561" ind1="1" ind2=" ">
            <marc:subfield code="a">Formerly owned by Halliwell-Phillipps; Warwick Castle Shakespeare Library (coat of arms); H.S.R. (on blue paper attached to inside cover).</marc:subfield>
        </marc:datafield>
        <marc:datafield tag="500" ind1=" " ind2=" ">
            <marc:subfield code="a">Shelfmark: Washington, D.C., Folger Shakespeare Library, MS V.a.77.</marc:subfield>
        </marc:datafield>
        <marc:datafield tag="510" ind1="4" ind2=" ">
            <marc:subfield code="a">Some account of the antiquities, coins, manuscripts, rare books, ancient documents, and other reliques illustrative of the life and works of Shakespeare,</marc:subfield>
            <marc:subfield code="c">106</marc:subfield>
        </marc:datafield>
        <marc:datafield tag="510" ind1="4" ind2=" ">
            <marc:subfield code="a">Ricci, S. de. Census of medieval and Renaissance manuscripts in the United States and Canada,</marc:subfield>
            <marc:subfield code="c">1.106</marc:subfield>
        </marc:datafield>
        <marc:datafield tag="530" ind1=" " ind2=" ">
            <marc:subfield code="a">Also available on microfilm.</marc:subfield>
        </marc:datafield>
        <marc:datafield tag="583" ind1="0" ind2=" ">
            <marc:subfield code="a">cataloged</marc:subfield>
            <marc:subfield code="c">2008-12</marc:subfield>
            <marc:subfield code="k">Andrew Sulavik</marc:subfield>
            <marc:subfield code="x">Item cataloged in hand and from existing descriptions.</marc:subfield>
            <marc:subfield code="2">local</marc:subfield>
        </marc:datafield>
        <marc:datafield tag="541" ind1="1" ind2=" ">
            <marc:subfield code="a">Purchased in 1897 by Henry Clay Folger from the Shakespearean Library of the Earl of Warwick.</marc:subfield>
            <marc:subfield code="e">cs1</marc:subfield>
        </marc:datafield>
        <marc:datafield tag="650" ind1=" " ind2="0">
            <marc:subfield code="a">Apollonius of Tyre (Fictitious character)</marc:subfield>
            <marc:subfield code="v">Manuscripts.</marc:subfield>
            <marc:subfield code="0">http://id.loc.gov/authorities/subjects/sh86000061</marc:subfield>
        </marc:datafield>
        <marc:datafield tag="655" ind1=" " ind2="0">
            <marc:subfield code="a">Manuscripts, Latin</marc:subfield>
            <marc:subfield code="z">England</marc:subfield>
            <marc:subfield code="y">15th century.</marc:subfield>
        </marc:datafield>
        <marc:datafield tag="655" ind1=" " ind2="7">
            <marc:subfield code="a">Romances</marc:subfield>
            <marc:subfield code="z">England</marc:subfield>
            <marc:subfield code="y">15th century</marc:subfield>
            <marc:subfield code="v">Manuscripts.</marc:subfield>
            <marc:subfield code="2">rbgenr</marc:subfield>
        </marc:datafield>
        <marc:datafield tag="700" ind1="1" ind2=" ">
            <marc:subfield code="a">Halliwell-Phillipps, J. O.</marc:subfield>
            <marc:subfield code="q">(James Orchard),</marc:subfield>
            <marc:subfield code="d">1820-1889,</marc:subfield>
            <marc:subfield code="e">former owner.</marc:subfield>
            <marc:subfield code="5">DFo</marc:subfield>
            <marc:subfield code="0">http://id.loc.gov/authorities/names/n80075855</marc:subfield>
        </marc:datafield>
        <marc:datafield tag="700" ind1="1" ind2=" ">
            <marc:subfield code="a">Folger, Henry Clay,</marc:subfield>
            <marc:subfield code="d">1857-1930,</marc:subfield>
            <marc:subfield code="e">former owner.</marc:subfield>
            <marc:subfield code="5">DFo</marc:subfield>
            <marc:subfield code="0">http://id.loc.gov/authorities/names/nr2002007592</marc:subfield>
        </marc:datafield>
        <marc:datafield tag="700" ind1="1" ind2=" ">
            <marc:subfield code="a">Folger, Emily C. J.</marc:subfield>
            <marc:subfield code="q">(Emily Clara Jordan),</marc:subfield>
            <marc:subfield code="d">1858-1936,</marc:subfield>
            <marc:subfield code="e">former owner.</marc:subfield>
            <marc:subfield code="5">DFo</marc:subfield>
            <marc:subfield code="0">http://id.loc.gov/authorities/names/nr2003016105</marc:subfield>
        </marc:datafield>
        <marc:datafield tag="710" ind1="2" ind2=" ">
            <marc:subfield code="a">Warwick Castle (Warwick, England).</marc:subfield>
            <marc:subfield code="b">Shakespeare Library,</marc:subfield>
            <marc:subfield code="e">former owner.</marc:subfield>
            <marc:subfield code="5">DFo</marc:subfield>
            <marc:subfield code="0">http://id.loc.gov/authorities/names/no2009092177</marc:subfield>
        </marc:datafield>
        <marc:datafield tag="752" ind1=" " ind2=" ">
            <marc:subfield code="a">Great Britain</marc:subfield>
            <marc:subfield code="b">England.</marc:subfield>
        </marc:datafield>
        <marc:datafield tag="852" ind1="8" ind2=" ">
            <marc:subfield code="a">Folger Shakespeare Library</marc:subfield>
            <marc:subfield code="b">DeckC-Rare</marc:subfield>
            <marc:subfield code="h">V.a.77</marc:subfield>
            <marc:subfield code="x">LK-S; rev 200812 ats/aeb</marc:subfield>
        </marc:datafield>
    </marc:record></marc:collection>